@article{lstm,
    author = {Hochreiter, Sepp and Schmidhuber, Jürgen},
    year = {1997},
    month = {12},
    pages = {1735-80},
    title = {Long Short-term Memory},
    volume = {9},
    journal = {Neural computation},
    doi = {10.1162/neco.1997.9.8.1735}
}


@article{original_transfer,
    author = {Bozinovski, S and Fulgosi, A.},
    year = {1976},
    title = {The influence of pattern similarity and transfer of learning upon training of a base perceptron B2. (original in Croatian: Utjecaj slicnosti likova i transfera ucenja na obucavanje baznog perceptrona B2)},
    journal = {Proc. Symp. Informatica},
}



@article{idmt_bass,
    author = {Abeßer, Jakob and Dittmar, Christian and Kramer, Patrick and Schuller, Gerald},
    year = {2013},
    title = {IDMT-SMT-Bass-Single-Track},
	url = {https://www.idmt.fraunhofer.de/en/business_units/m2d/smt/bass_lines.html},
    journal = {16th International Conference on Digital Audio Effects (DAFx)}
}


@article{idmt_guitar,
    author = {Kehling, Christian and Abeßer, Jakob and Dittmar, Christian and Schuller, Gerald},
    year = {2014},
    title = {Automatic Tablature Transcription of Electric Guitar Recordings by Estimation of Score- and Instrument-related Parameters},
	url = {https://www.idmt.fraunhofer.de/en/business_units/m2d/smt/guitar.html},
    journal = {Proceedings of the 17th International Conference on Digital Audio Effects (DAFx, 2014)}
}



@article{idmt_drum,
    author = {Dittmar, Christian and Gärtner, Daniel},
    year = {2014},
    title = {IDMT-SMT-Drums},
	url = {https://www.idmt.fraunhofer.de/en/business_units/m2d/smt/drums.html},
    journal = {Proceedings of the 17th International Conference on Digital Audio Effects (DAFx, 2014)}
}

@misc{performance-rnn-2017,
    author = {Ian Simon and Sageev Oore},
    title = {
        Performance RNN: Generating Music with Expressive Timing and Dynamics
    },
    journal = {Magenta Blog},
    type = {Blog},
    year = {2017},
    howpublished = {\url{https://magenta.tensorflow.org/performance-rnn}}
}
